<record><leader>00000cas a2200000 a 4500</leader><controlfield tag="001">28178164</controlfield><controlfield tag="008">930528d19461952caucr ne      0    0eng c</controlfield><datafield ind1=" " ind2=" " tag="010"><subfield code="a">sn 93052064 </subfield></datafield><datafield ind1=" " ind2=" " tag="040"><subfield code="a">CUY</subfield><subfield code="b">eng</subfield><subfield code="c">CNK</subfield><subfield code="d">OCLCQ</subfield><subfield code="d">CNK</subfield><subfield code="d">OCLCQ</subfield><subfield code="d">OCLCF</subfield><subfield code="d">OCLCO</subfield></datafield><datafield ind1="1" ind2=" " tag="029"><subfield code="a">AU@</subfield><subfield code="b">000025897647</subfield></datafield><datafield ind1=" " ind2=" " tag="042"><subfield code="a">pcc</subfield></datafield><datafield ind1=" " ind2=" " tag="043"><subfield code="a">n-us-ca</subfield></datafield><datafield ind1="0" ind2="0" tag="245"><subfield code="a">Walnut Creek courier-journal.</subfield></datafield><datafield ind1=" " ind2=" " tag="260"><subfield code="a">Walnut Creek, Contra Costa County, Calif. :</subfield><subfield code="b">David D. Newsom, Ivy E. Newsom, and Jean C. Newsom</subfield></datafield><datafield ind1=" " ind2=" " tag="300"><subfield code="a">v.</subfield></datafield><datafield ind1=" " ind2=" " tag="310"><subfield code="a">Semiweekly</subfield></datafield><datafield ind1="0" ind2=" " tag="362"><subfield code="a">Vol. 38, no. 4 (Nov. 4, 1946)-v. 41, no. 67 (Jan. 31, 1952).</subfield></datafield><datafield ind1=" " ind2=" " tag="530"><subfield code="a">Master negatives are available for duplication from:</subfield><subfield code="b">California Newspaper Microfilm Archive;</subfield><subfield code="c">positive copies may be purchased by the reel; for further information consult the CNMA at:</subfield><subfield code="u">http://cbsr.ucr.edu</subfield></datafield><datafield ind1=" " ind2="0" tag="651"><subfield code="a">Walnut Creek (Calif.)</subfield><subfield code="v">Newspapers.</subfield></datafield><datafield ind1=" " ind2="7" tag="655"><subfield code="a">Newspapers.</subfield><subfield code="2">fast</subfield><subfield code="0">(OCoLC)fst01423814</subfield></datafield><datafield ind1=" " ind2="7" tag="651"><subfield code="a">California</subfield><subfield code="z">Walnut Creek.</subfield><subfield code="2">fast</subfield><subfield code="0">(OCoLC)fst01213190</subfield></datafield><datafield ind1=" " ind2=" " tag="752"><subfield code="a">United States</subfield><subfield code="b">California</subfield><subfield code="c">Contra Costa</subfield><subfield code="d">Walnut Creek.</subfield></datafield><datafield ind1="0" ind2="0" tag="780"><subfield code="t">Courier-journal (Walnut Creek, Calif.)</subfield><subfield code="w">(DLC)sn 93052063</subfield></datafield><datafield ind1="0" ind2="0" tag="785"><subfield code="t">Contra Costa times</subfield><subfield code="w">(DLC)sn 79003824</subfield></datafield></record>